@misc{rfc4251,
title   = "The Secure Shell (SSH) Protocol Architecture",
url     = "https://tools.ietf.org/html/rfc4251"
}